@BOOK{DUMMY:1,
AUTHOR="John Doe",
TITLE="The Book without Title",
PUBLISHER="Dummy Publisher",
YEAR="2100",
}

@misc{cryptoeprint:2014:725,
    author = {Ruan de Clercq, Sujoy Sinha Roy, Frederik Vercauteren, Ingrid Verbauwhede},
    title = {Efficient Software Implementation of Ring-LWE Encryption},
    howpublished = {Cryptology ePrint Archive, Report 2014/725},
    year = {2014},
    note = {\url{https://eprint.iacr.org/2014/725}},
}

@inproceedings{Gottert:2012:DHB:2413316.2413355,
 author = {G\"{o}ttert, Norman and Feller, Thomas and Schneider, Michael and Buchmann, Johannes and Huss, Sorin},
 title = {On the Design of Hardware Building Blocks for Modern Lattice-based Encryption Schemes},
 booktitle = {Proceedings of the 14th International Conference on Cryptographic Hardware and Embedded Systems},
 series = {CHES'12},
 year = {2012},
 isbn = {978-3-642-33026-1},
 location = {Leuven, Belgium},
 pages = {512--529},
 numpages = {18},
 url = {http://dx.doi.org/10.1007/978-3-642-33027-8_30},
 doi = {10.1007/978-3-642-33027-8_30},
 acmid = {2413355},
 publisher = {Springer-Verlag},
 address = {Berlin, Heidelberg},
 keywords = {FPGA, LWE, hardware, lattice-based encryption},
}

@inproceedings{Regev:2005:LLE:1060590.1060603,
 author = {Regev, Oded},
 title = {On Lattices, Learning with Errors, Random Linear Codes, and Cryptography},
 booktitle = {Proceedings of the Thirty-seventh Annual ACM Symposium on Theory of Computing},
 series = {STOC '05},
 year = {2005},
 isbn = {1-58113-960-8},
 location = {Baltimore, MD, USA},
 pages = {84--93},
 numpages = {10},
 url = {http://doi.acm.org/10.1145/1060590.1060603},
 doi = {10.1145/1060590.1060603},
 acmid = {1060603},
 publisher = {ACM},
 address = {New York, NY, USA},
 keywords = {computational learning theory, cryptography, lattices, public key encryption, quantum computing, statistical queries},
} 

@misc{cryptoeprint:2012:230,
    author = {Vadim Lyubashevsky and Chris Peikert and Oded Regev},
    title = {On Ideal Lattices and Learning with Errors Over Rings},
    howpublished = {Cryptology ePrint Archive, Report 2012/230},
    year = {2012},
    note = {\url{https://eprint.iacr.org/2012/230}},
}

